@inproceedings{gotz1999tango,
  title={TANGO--An Object Oriented Control System Based on CORBA},
  author={G{\"o}tz, A and others},
  year={1999},
  organization={ICALEPCS}
}

@article{gotz2003tango,
  title={TANGO a CORBA based Control System},
  author={G{\"o}tz, A and Taurel, E and Pons, JL and Verdier, P and Chaize, JM and Meyer, J and Poncet, F and Heunen, G and G{\"o}tz, E and Buteau, A and others},
  journal={ICALEPCS2003, Gyeongju, October},
  year={2003}
}

@article{forsberg2015graphical,
  title={A Graphical Tool for Viewing and Interacting with a Control System},
  author={Forsberg, J and Hardion, V and Spruce, D},
  journal={ICALEPCS2015, Melbourne, WEM309},
  year={2015}
}

@INPROCEEDINGS{1590475,
author={Nadolski, L.S. and Chinkumo, J. and Ho, K. and Leclercq, N. and Ounsy, M. and Petit, S.},
booktitle={Particle Accelerator Conference, 2005. PAC 2005. Proceedings of the},
title={High-Level Control Applications for SOLEIL Commissioning and Operation},
year={2005},
pages={481-483},
keywords={Application software;Collaboration;Control systems;Databases;Frequency;Graphical user interfaces;Java;Light sources;Storage rings;Synchrotrons},
doi={10.1109/PAC.2005.1590475},
month={May},}

@inproceedings{araya2008towards,
  title={Towards a distributed control framework with real-time support},
  author={Araya, Mauricio A and Tobar, Rodrigo J and Avarias, Jorge A and Von Brand, Horst H},
  booktitle={XXXVI Conferencia Latinoamericana de Inform{\'a}tica CDROM. CLEI},
  year={2008}
}

@article{scafurievolution,
  title={THE EVOLUTION OF THE ELETTRA CONTROL SYSTEM},
  author={Scafuri, C}
}

@article{chaize2001esrf,
  title={The ESRF TANGO control system status},
  author={Chaize, JM and G{\"o}tz, A and Klotz, WD and Meyer, J and Perez, M and Taurel, E and Verdier, P},
  journal={arXiv preprint cs/0111028},
  year={2001}
}

@article{gotz2007future,
  title={The Future of TANGO},
  author={G{\"o}tz, Andy and Meyer, Jens and Taurel, Emmanuel and Chaize, Jean-Michel and Verdier, Pascal and Poncet, Faranguiss and Ounsy, France Majid and Leclercq, Nicolas and Alain Buteau, SOLEIL and Scafuri, Claudio and others},
  journal={ICALEPCS07},
  year={2007}
}

@article{chaizetango,
  title={TANGO STEPS TOWARD INDUSTRY},
  author={Chaize, Jean-Michel and G{\"o}tz, A and Delorme, A}
}

@article{verdier2012tango,
  title={TANGO Control System Management Tools},
  author={Verdier, P and Poncet, F and Pons, JL},
  year={2012}
}

@inproceedings{pelkocanone07,
  title={Canone--A Highly-Interactive Web-Based Control System Interface},
  author={Pelko, M and Zagar, K and Zambon, L and Green, AJ},
  booktitle={Proceedings of ICALEPCS07},
  year={2007}
}

@online{taurusweb2013,
  author = {{CELLS / ALBA Synchrotron}},
  title = {Taurus in the Cloud},
  note = {presented at Tango Collaboration Meeting},
  year={2013},
  url={http://plone.tango-controls.org/Events/meetings/may_2013/Taurus Web - Tango Collaboration Meeting ALBA 2013.pdf},
  urldate = {2016-06-16}
}

@mastersthesis{tangorest2015,
  author       = {≈Åukasz Mitka},
  title        = {Mobile application for Tango control system and testing its performance.},
  school       = {{AGH University of Science and Technology}},
  year         = {2015}
}

@online{gotan2012,
  author = {Vincent Hardion},
  title = {GoTan project website},
  year = {2012},
  url = {https://github.com/hardion/GoTan},
  urldate = {2016-06-18}
}

@online{mtango2016,
  author = {Igor Khokhriakov},
  title = {mTango project website},
  year = {2013},
  url = {https://bitbucket.org/hzgwpn/mtango/wiki/Home},
  urldate = {2016-06-19}
}

@online{tango2016manual,
  author = {{The TANGO Team}},
  title = {The TANGO Control System Manual Version 9.1},
  year = {2015},
  url = {http://ftp.esrf.eu/pub/cs/tango/tango_91.pdf},
  urldate = {2016-06-26}
}
