
@article{nielsen1994heuristic,
  title={Heuristic evaluation},
  author={Nielsen, Jakob},
  journal={Usability inspection methods},
  volume={17},
  number={1},
  pages={25--62},
  year={1994}
}

@inproceedings{nielsen1990heuristic,
  title={Heuristic evaluation of user interfaces},
  author={Nielsen, Jakob and Molich, Rolf},
  booktitle={Proceedings of the SIGCHI conference on Human factors in computing systems},
  pages={249--256},
  year={1990},
  organization={ACM}
}

@inproceedings{nielsen1994usability,
  title={Usability inspection methods},
  author={Nielsen, Jakob},
  booktitle={Conference companion on Human factors in computing systems},
  pages={413--414},
  year={1994},
  organization={ACM}
}

@inproceedings{Rodden:2010:MUE:1753326.1753687,
 author = {Rodden, Kerry and Hutchinson, Hilary and Fu, Xin},
 title = {Measuring the User Experience on a Large Scale: User-centered Metrics for Web Applications},
 booktitle = {Proceedings of the SIGCHI Conference on Human Factors in Computing Systems},
 series = {CHI '10},
 year = {2010},
 isbn = {978-1-60558-929-9},
 location = {Atlanta, Georgia, USA},
 pages = {2395--2398},
 numpages = {4},
 url = {http://doi.acm.org/10.1145/1753326.1753687},
 doi = {10.1145/1753326.1753687},
 acmid = {1753687},
 publisher = {ACM},
 address = {New York, NY, USA},
 keywords = {log analysis, metrics, web analytics, web applications},
}

@inproceedings{Krug:2015:SEW:2740908.2742832,
 author = {Krug, Michael and Gaedke, Martin},
 title = {SmartComposition: Enhanced Web Components for a Better Future of Web Development},
 booktitle = {Proceedings of the 24th International Conference on World Wide Web},
 series = {WWW '15 Companion},
 year = {2015},
 isbn = {978-1-4503-3473-0},
 location = {Florence, Italy},
 pages = {207--210},
 numpages = {4},
 url = {http://dx.doi.org/10.1145/2740908.2742832},
 doi = {10.1145/2740908.2742832},
 acmid = {2742832},
 publisher = {International World Wide Web Conferences Steering Committee},
 address = {Republic and Canton of Geneva, Switzerland},
 keywords = {composition, distributed multi-device web applications, html5, mashup, multi-platform web applications, reusable components, web application development, web components},
}

@article{Hervás01012011,
author = {Hervás, Ramón and Bravo, José},
title = {Towards the ubiquitous visualization: Adaptive user-interfaces based on the Semantic Web},
volume = {23},
number = {1},
pages = {40-56},
year = {2011},
doi = {10.1016/j.intcom.2010.08.002},
URL = {http://iwc.oxfordjournals.org/content/23/1/40.abstract},
eprint = {http://iwc.oxfordjournals.org/content/23/1/40.full.pdf+html},
journal = {Interacting with Computers}
}

@incollection{mohan2009,
year={2009},
isbn={978-3-642-04424-3},
booktitle={Model Driven Engineering Languages and Systems},
volume={5795},
series={Lecture Notes in Computer Science},
editor={Schürr, Andy and Selic, Bran},
doi={10.1007/978-3-642-04425-0_23},
title={Model Driven Development of Graphical User Interfaces for Enterprise Business Applications – Experience, Lessons Learnt and a Way Forward},
url={http://dx.doi.org/10.1007/978-3-642-04425-0_23},
publisher={Springer Berlin Heidelberg},
keywords={Modeling; Graphical User Interfaces; Meta Modeling; Code Generation},
author={Mohan, Rahul and Kulkarni, Vinay},
pages={307-321},
language={English}
}

@incollection{bongartz2012,
year={2012},
isbn={978-3-642-34897-6},
booktitle={Ambient Intelligence},
volume={7683},
series={Lecture Notes in Computer Science},
editor={Paternò, Fabio and de Ruyter, Boris and Markopoulos, Panos and Santoro, Carmen and van Loenen, Evert and Luyten, Kris},
doi={10.1007/978-3-642-34898-3_3},
title={Adaptive User Interfaces for Smart Environments with the Support of Model-Based Languages},
url={http://dx.doi.org/10.1007/978-3-642-34898-3_3},
publisher={Springer Berlin Heidelberg},
keywords={Adaptive service front-ends; Context-aware user interfaces; modelbased user interface languages; Warehouse picking system},
author={Bongartz, Sara and Jin, Yucheng and Paternò, Fabio and Rett, Joerg and Santoro, Carmen and Spano, LucioDavide},
pages={33-48},
language={English}
}

@article{O'Sullivan:2011:DMM:2020976.2021005,
 author = {O'Sullivan, Michael},
 title = {Designing with the Mind in Mind: Simple Guide to Understanding User Interface Design Rules by Jeff Johnson},
 journal = {SIGSOFT Softw. Eng. Notes},
 issue_date = {September 2011},
 volume = {36},
 number = {5},
 month = sep,
 year = {2011},
 issn = {0163-5948},
 pages = {52--52},
 numpages = {1},
 url = {http://doi.acm.org/10.1145/2020976.2021005},
 doi = {10.1145/2020976.2021005},
 acmid = {2021005},
 publisher = {ACM},
 address = {New York, NY, USA},
}

@incollection{peissner2011,
year={2011},
isbn={978-3-642-21601-5},
booktitle={Human-Computer Interaction. Design and Development Approaches},
volume={6761},
series={Lecture Notes in Computer Science},
editor={Jacko, JulieA.},
doi={10.1007/978-3-642-21602-2_30},
title={A Design Patterns Approach to Adaptive User Interfaces for Users with Special Needs},
url={http://dx.doi.org/10.1007/978-3-642-21602-2_30},
publisher={Springer Berlin Heidelberg},
keywords={Adaptive user interface; design patterns; accessibility},
author={Peissner, Matthias and Schuller, Andreas and Spath, Dieter},
pages={268-277},
language={English}
}


@article{Lizcano2015446,
title = "Automated end user-centred adaptation of web components through automated description logic-based reasoning ",
journal = "Information and Software Technology ",
volume = "57",
number = "",
pages = "446 - 462",
year = "2015",
note = "",
issn = "0950-5849",
doi = "http://dx.doi.org/10.1016/j.infsof.2014.05.021",
url = "http://www.sciencedirect.com/science/article/pii/S0950584914001384",
author = "David Lizcano and Fernando Alonso and Javier Soriano and Genoveva López",
keywords = "D.2 [Software engineering]",
keywords = "D.3 [Programming languages]",
keywords = "H.5 [Information interfaces and presentation]",
keywords = "K.4 [Computers and society]",
keywords = "J.4 [Social and behavioural sciences] "
}

@article{charland2011mobile,
  title={Mobile application development: web vs. native},
  author={Charland, Andre and Leroux, Brian},
  journal={Communications of the ACM},
  volume={54},
  number={5},
  pages={49--53},
  year={2011},
  publisher={ACM}
}

@article{vaananen2008towards,
  title={Towards practical user experience evaluation methods},
  author={V{\"a}{\"a}n{\"a}nen-Vainio-Mattila, Kaisa and Roto, Virpi and Hassenzahl, Marc},
  journal={EL-C. Law, N. Bevan, G. Christou, M. Springett \& M. L{\'a}rusd{\'o}ttir (eds.) Meaningful Measures: Valid Useful User Experience Measurement (VUUM)},
  pages={19--22},
  year={2008}
}
