@book{crockford2008javascript,
  title={JavaScript: The Good Parts: The Good Parts},
  author={Crockford, Douglas},
  year={2008},
  publisher={" O'Reilly Media, Inc."}
}

@book{lindley2013dom,
  title={Dom Enlightenment},
  author={Lindley, Cody},
  year={2013},
  publisher={" O'Reilly Media, Inc."}
}

@book{prusty2015learning,
  title={Learning ECMAScript 6},
  author={Prusty, Narayan},
  year={2015},
  publisher={Packt Publishing Ltd}
}

@book{overson2015,
  title={Developing Web Components},
  author={Overson, Jarrod and Strimpel, Jason},
  year={2015},
  publisher={" O'Reilly Media, Inc."}
}
