@book{darwin2013angularjs,
  title={AngularJS web application development},
  author={Darwin, Peter Bacon and Kozlowski, Pawel},
  year={2013},
  publisher={Packt Publ.}
}
