@online{tools-npmjs,
  author = {{npm, Inc.}},
  title = {{npm - a package manager for JavaScript}},
  year = {2009},
  url = {https://www.npmjs.com/},
  urldate = {2016-04-05}
}

@online{tools-nodejs,
  author = {{Node.js Foundation}},
  title = {{Node.js - a JavaScript runtime}},
  year = {2009},
  url = {https://nodejs.org/},
  urldate = {2016-04-05}
}
