
@online{liszcz-msc-thesis-tangojs,
  author = {Liszcz, Michal},
  title = {{Adaptive Web User Interfaces for TANGO Control System}},
  year = {2016},
  url = {https://github.com/mliszcz/msc-thesis/blob/master/thesis/pdf/msc-thesis-michal-liszcz-tangojs.pdf},
  urldate = {2017-06-07}
}

