
@online{www-preact-perf,
  author={Banjerdkit, Todsaporn and Esch, Matthew and Nezhivoi, Fedor and
      Rodríguez, José Lorenzo and Wynn, Joseph and Miller, Jason and Verbaten, Jake},
  title = {{TodoMVC Performance Benchmark}},
  url = {https://github.com/developit/preact-perf},
  urldate = {2017-06-18}
}

@online{www-preact,
  author={Miller, Jason},
  title = {{TodoMVC Performance Benchmark}},
  year = {2015},
  url = {https://preactjs.com/},
  urldate = {2017-06-18}
}

@online{www-preact-vs-react,
  author={Vepsäläinen, Juho},
  title = {{React and Preact: Differences, Pros and Cons}},
  year = {2016},
  url = {http://jster.net/blog/react-vs-preact},
  urldate = {2017-06-18}
}

@online{www-flux,
  author = {{Facebook Inc.}},
  title = {{Flux | Application Architecture for Building User Interfaces}},
  year = {2014},
  url = {https://facebook.github.io/flux/},
  urldate = {2017-06-18}
}

@online{www-redux,
  author = {Abramov, Dan},
  title = {{Redux}},
  year = {2015},
  url = {http://redux.js.org/},
  urldate = {2017-06-18}
}

@online{www-smart-dumb-components,
  author = {Abramov, Dan},
  title = {Presentational and Container Components},
  year = {2015},
  url = {https://medium.com/@dan_abramov/smart-and-dumb-components-7ca2f9a7c7d0},
  urldate = {2017-06-18}
}
