% !TEX encoding = UTF-8 Unicode

@online{www-preact-perf,
  author={Banjerdkit, Todsaporn and Esch, Matthew and Nezhivoi, Fedor and
      Rodríguez, José Lorenzo and Wynn, Joseph and Miller, Jason and Verbaten, Jake},
  title = {{TodoMVC Performance Benchmark}},
  url = {https://github.com/developit/preact-perf},
  urldate = {2017-06-18}
}

@online{www-preact,
  author={Miller, Jason},
  title = {{TodoMVC Performance Benchmark}},
  year = {2015},
  url = {https://preactjs.com/},
  urldate = {2017-06-18}
}

@online{www-preact-vs-react,
  author={Vepsäläinen, Juho},
  title = {{React and Preact: Differences, Pros and Cons}},
  year = {2016},
  url = {http://jster.net/blog/react-vs-preact},
  urldate = {2017-06-18}
}

@online{www-flux,
  author = {{Facebook Inc.}},
  title = {{Flux | Application Architecture for Building User Interfaces}},
  year = {2014},
  url = {https://facebook.github.io/flux/},
  urldate = {2017-06-18}
}

@online{www-redux,
  author = {Abramov, Dan},
  title = {{Redux}},
  year = {2015},
  url = {http://redux.js.org/},
  urldate = {2017-06-18}
}

@online{www-smart-dumb-components,
  author = {Abramov, Dan},
  title = {Presentational and Container Components},
  year = {2015},
  url = {https://medium.com/@dan_abramov/smart-and-dumb-components-7ca2f9a7c7d0},
  urldate = {2017-06-18}
}

@online{www-docker,
  author = {{Docker, Inc.}},
  title = {{Docker}},
  year = {2013},
  url = {https://www.docker.com/},
  urldate = {2017-06-20}
}

@online{www-containers-anatomy,
  author = {Petazzoni, Jérôme},
  title = {Container's Anatomy}},
  year = {2015},
  url = {https://www.slideshare.net/jpetazzo/anatomy-of-a-container-namespaces-cgroups-some-filesystem-magic-linuxcon},
  urldate = {2017-06-20}
}

@techreport{www-w3c-html-imports,
  author = {Dimitri Glazkov and Hajime Morrita},
  title = {{HTML Imports}},
  institution = {W3C},
  type = {W3C Working Draft},
  date = {2016-02-25},
  url = {https://www.w3.org/TR/html-imports/},
  urldate = {2016-09-26}
}

@article{szota2017ontology,
  title={Building a synchrotron ontology: an analysis of a synchrotron control system in a collaborative environment},
  author={Julia Szota-Pachowicz},
  year={2017}
}




@article{daneels1999scada,
  title={What is SCADA?},
  author={Daneels, Axel and Salter, Wayne},
  year={1999}
}

@book{boyer2009,
 author = {Boyer, Stuart A.},
 title = {Scada: Supervisory Control And Data Acquisition},
 year = {2009},
 isbn = {1936007096, 9781936007097},
 edition = {4th},
 publisher = {International Society of Automation},
 address = {USA},
}

@inproceedings{daneels1999selection,
  title={Selection and evaluation of commercial SCADA systems for the controls of the CERN LHC experiments},
  author={Daneels, A and Salter, W},
  booktitle={Proceedings of the 1999 International Conference on Accelerator and Large Experimental Physics Control Systems, Trieste},
  pages={353},
  year={1999}
}

@online{www-zeromq,
  author = {{iMatix Corporation}},
  title = {ZeroMQ},
  year = {2007},
  url = {http://zeromq.org/},
  urldate = {2016-09-26}
}

@online{tools-mysql,
  author = {{Oracle Corporation}},
  title = {{MySQL}},
  year = {1995},
  url = {https://www.mysql.com/},
  urldate = {2016-11-28}
}

@online{www-electron,
  author = {{GitHub, Inc.}},
  title = {Electron},
  year = {2013},
  url = {http://electron.atom.io/},
  urldate = {2016-09-26}
}

@online{www-cordova,
  author = {{The Apache Software Foundation}},
  title = {Apache Cordova},
  year = {2012},
  url = {https://cordova.apache.org/},
  urldate = {2016-09-26}
}

@online{liszcz-msc-thesis-tangojs,
  author = {Liszcz, Michal},
  title = {{Adaptive Web User Interfaces for TANGO Control System}},
  year = {2016},
  url = {https://github.com/mliszcz/msc-thesis/blob/master/thesis/pdf/msc-thesis-michal-liszcz-tangojs.pdf},
  urldate = {2017-06-07}
}

@inproceedings{pelkocanone07,
  title={Canone--A Highly-Interactive Web-Based Control System Interface},
  author={Pelko, M and Zagar, K and Zambon, L and Green, AJ},
  booktitle={Proceedings of ICALEPCS07},
  year={2007}
}

@online{www-canone,
  author = {Tango Controls},
  title = {Canone},
  subtitle = {The animated graphical web interface of Tango},
  year = {2005},
  url = {http://plone.tango-controls.org/download/canone/canone},
  urldate = {2016-09-28}
}

@online{gotan2012,
  author = {Vincent Hardion},
  title = {GoTan project website},
  year = {2012},
  url = {https://github.com/hardion/GoTan},
  urldate = {2016-06-18}
}

@online{mtango2016,
  author = {Igor Khokhriakov},
  title = {{mTango project website}},
  year = {2013},
  url = {https://bitbucket.org/hzgwpn/mtango/wiki/Home},
  urldate = {2016-06-19}
}

@online{taurusweb2013,
  author = {{CELLS / ALBA Synchrotron}},
  title = {Taurus in the Cloud},
  note = {presented at Tango Collaboration Meeting},
  year={2013},
  url={http://plone.tango-controls.org/Events/meetings/may_2013/Taurus Web - Tango Collaboration Meeting ALBA 2013.pdf},
  urldate = {2016-06-16}
}

@online{www-w3c-webcomponents,
  author = {{W3C}},
  title = {Web Components Current Status},
  year = {2014},
  url = {https://www.w3.org/standards/techs/components},
  urldate = {2016-09-28}
}

@techreport{www-w3c-custom-elements,
  author = {Domenic Denicola},
  title = {{Custom Elements}},
  institution = {W3C},
  type = {W3C Working Draft},
  date = {2016-08-30},
  url = {https://www.w3.org/TR/custom-elements/},
  urldate = {2016-09-26}
}

@online{www-react,
  author = {{Facebook Inc.}},
  title = {{React}},
  year = {2013},
  url = {https://facebook.github.io/react/},
  urldate = {2016-09-18}
}

@online{www-corba,
  author = {{Object Management Group, Inc.}},
  title = {CORBA},
  year = {1997},
  url = {http://www.corba.org/},
  urldate = {2016-09-26}
}

@online{www-corba-spec,
  author = {{Object Management Group, Inc.}},
  title = {Common Object Request Broker Architecture Spec},
  year = {2012-11-01},
  url = {http://www.omg.org/spec/CORBA/},
  urldate = {2016-09-26}
}

@book{darwin2013angularjs,
  title={AngularJS web application development},
  author={Darwin, Peter Bacon and Kozlowski, Pawel},
  year={2013},
  publisher={Packt Publ.}
}

@online{www-angular,
  author = {{Google}},
  title = {{AngularJS}},
  year = {2010},
  url = {https://www.angularjs.org/},
  urldate = {2016-09-18}
}

@book{natan1995,
 editor = {Ben-Natan, Ron},
 title = {Corba: A Guide to Common Object Request Broker Architecture},
 year = {1995},
 isbn = {0-07-005427-4},
 publisher = {McGraw-Hill, Inc.},
 address = {Hightstown, NJ, USA}
}

@inproceedings{gotz1999tango,
  title={TANGO--An Object Oriented Control System Based on CORBA},
  author={G{\"o}tz, A and others},
  year={1999},
  organization={ICALEPCS}
}
